1664 2898
1574 565 1591 584 “
1631 551 1636 565 r

187 779 192 785 ⁵
219 741 351 787 pore,
399 741 487 786 quo
524 732 622 771 ante
657 725 738 770 hos
776 724 1077 783 quinquaginta
1113 735 1247 766 annos
1283 718 1500 786 honorem
1538 733 1587 772 aa

222 819 472 878 dignitatem
508 819 695 863 doctoris
738 817 965 861 academici
1009 831 1054 861 es
1094 819 1400 871 consequutus»,
1442 810 1590 866 literis,
1623 881 1625 883 ι

221 910 478 966 academiae,
506 909 684 966 scholis,
725 910 911 970 patriae,
945 915 1113 952 tantum
1142 905 1328 951 utilitatis
1358 911 1485 964 atque
1513 918 1591 948 or-
1661 931 1663 934 f

151 1036 155 1040 .
220 1004 407 1047 namenti
434 1001 628 1059 attulisti,
656 1009 863 1061 quantum
891 1000 1083 1045 dubitare
1114 999 1210 1044 licet
1226 1013 1293 1050 ¹an
1321 997 1444 1040 omni
1474 1002 1592 1040 tem-

221 1109 332 1154 pore
370 1094 609 1155 paucissimi
644 1095 879 1153 potuerint.
936 1093 1107 1137 Etenim
1143 1093 1179 1136 si
1216 1090 1310 1150 quis
1347 1089 1477 1145 alius,
1514 1089 1617 1140 Tu,
1650 1135 1660 1143 ⁴

223 1193 336 1232 certe
364 1202 460 1232 eam
487 1185 733 1232 facultatem
761 1192 887 1246 atque
924 1184 1175 1229 eruditionis
1217 1182 1418 1241 copiam,
1461 1183 1592 1239 quam

223 1280 377 1324 merito
400 1281 444 1325 in
467 1277 640 1339 publico
663 1277 877 1322 literarum
898 1277 1079 1322 doctore
1111 1275 1392 1335 requirimus,
1421 1263 1593 1318 mature
1629 1334 1634 1341 ‚

159 1366 163 1372 ’
223 1369 349 1416 Tibi
385 1371 661 1430 comparasti,
700 1376 744 1414 et
771 1385 871 1414 cum
898 1384 948 1413 ea
974 1383 1148 1427 semper
1180 1367 1344 1426 insigne
1372 1366 1603 1431 quoddam!

225 1462 415 1522 publicae
470 1461 656 1507 utilitatis
708 1446 897 1506 studium
939 1459 1219 1505 coniunxisti..
1274 1460 1337 1503 Ac
1375 1458 1595 1506 doctrinae

227 1554 402 1613 quidem
425 1555 575 1599 Tuae
606 1562 730 1615 atqup
759 1554 1007 1598 cruditionis
1026 1551 1351 1612 amplitudinem
1375 1554 1599 1598 admiran-

227 1651 298 1688 tur
327 1660 497 1700 omnes,
534 1661 638 1706 quae
680 1646 792 1690 cert'e
830 1653 944 1690 tanta
988 1652 1072 1699 est,
1110 1651 1159 1689 ut
1199 1644 1251 1689 ab
1289 1659 1395 1693 uno*
1417 1645 1596 1693 homine
1642 1672 1647 1678 ·

230 1753 319 1782 non
347 1738 539 1784 videatur
567 1737 872 1798 comprehendi
901 1737 1098 1796 potuisse.
1156 1736 1307 1792 Quum
1346 1739 1464 1784 enim
1501 1756 1599 1785 ma-

231 1836 327 1874 ture
364 1830 637 1883 intellexisses
693 1843 844 1874 omnes
881 1836 990 1874 artes
1028 1836 1158 1888 atque
1194 1829 1429 1889 disciplinas
1474 1845 1600 1896 com-

229 1922 350 1966 muni
385 1922 572 1980 quodam
610 1923 817 1967 contineri
855 1921 1043 1978 vinculo,
1091 1930 1215 1982 atque
1255 1938 1387 1968 unam
1430 1923 1601 1971 alterius

233 2013 388 2058 auxilio
435 2014 647 2074 indigere-2
691 2029 780 2058 non
827 2016 874 2058 in
919 2014 1012 2058 solo
1062 2017 1330 2074 antiquarum
1379 2017 1600 2064 literarum

231 2107 375 2150 studio
421 2102 551 2151 'ribi
595 2107 911 2152 subsistendum
951 2125 1038 2153 esse
1089 2110 1304 2165 censuisti,
1358 2114 1600 2170 quanquam

232 2199 475 2244 universum
531 2201 619 2244 cius
663 2201 850 2259 spatium
899 2217 996 2246 rara
1041 2216 1238 2246 emensus
1289 2217 1332 2247 es
1379 2187 1602 2259 industria,

231 2290 308 2335 sed
345 2293 473 2336 etiam
512 2290 687 2335 aliarum
729 2304 876 2336 rerum
917 2294 1253 2349 utilissimarum,
1299 2296 1495 2355 inprimis
1526 2295 1603 2342 ‘hi-

233 2383 388 2426 storiae
435 2392 528 2427 tum
581 2382 708 2428 civilis
765 2392 859 2428 tum
918 2385 1122 2430 literariae
1174 2394 1301 2446 atque
1357 2388 1603 2448 disciplinae

231 2473 515 2533 theologicae,
552 2485 784 2521 accuratam
815 2479 1104 2537 cognitionem
1134 2466 1374 2525 adiunkisti.
1430 2482 1482 2526 ln
1520 2497 1603 2542 qua

233 2579 280 2609 re
313 2566 522 2624 praeclara
561 2569 767 2627 quaedam
806 2571 963 2628 ingenii
1005 2571 1109 2616 Tui
1155 2573 1215 2618 vis
1257 2582 1384 2634 atque
1424 2564 1621 2620 facilitas

236 2655 387 2710 eluxit,
446 2673 552 2717 quae
609 2662 661 2705 ad
714 2663 996 2722 quodcunque
1050 2665 1269 2712 literarum
1327 2682 1460 2727 genus
1509 2684 1601 2714 sese
