1592 2996
138 153 229 202 LVI

142 272 265 313 quibus
289 270 332 302 ad
354 271 444 304 hanc
468 271 681 304 sententiam
701 267 977 323 amplectendam
1002 265 1268 298 adducet-emma·
1312 263 1416 314 Quae*
1434 263 1523 307 quis·

142 342 198 373 vel
223 340 402 382 speciosae
426 343 527 383 sunt,
555 341 610 373 vel
634 340 736 382 plane
761 339 898 382 nullae,
930 336 1008 369 iure
1039 334 1188 376 quodam
1218 336 1347 385 nostro
1376 333 1417 368 in
1439 333 1521 367 -aiia

147 411 262 443 omnia
283 410 458 442 discedere
481 411 582 443 nobis
608 411 774 443 videmur.
1203 389 1217 444 ,b
1403 448 1407 453 ¹

237 482 281 512 At
304 489 406 525 vero,
442 480 599 523 inquies,
637 481 707 513 cur‘
722 479 862 513 tandem
886 485 1001 522 sermo
1030 476 1066 506 et
1087 482 1111 507 a
1131 472 1292 508 iustitiae
1314 472 1523 515 quaestione

149 549 242 590 capit
273 549 413 581 initium
441 552 476 581 et
507 550 544 582 in
576 551 730 582 eiusdem
763 546 906 581 virtutis
935 544 1095 577 laudibus
1127 542 1524 594 celebrandisxflniturss

148 619 314 651 haeccine
336 621 455 660 aperte
479 619 657 652 declarant
680 618 820 651 nonede
848 614 1052 658 republica,
1085 613 1148 646 sed
1170 612 1214 647 de
1242 611 1382 663 iustitia
1407 611 1525 653 potis-

150 689 276 721 simum
307 687 501 729 disputari?
547 689 623 730 Ego
653 698 757 730 vero,
790 685 873 727 quid
903 684 988 718 mihi
1021 684 1066 718 de
1093 683 1158 717 hac
1179 691 1222 716 re
1242 670 1428 734 videatur,
1453 681 1526 731 iam

150 758 188 790 in
222 757 462 799 superioribus
492 758 644 791 breviter
679 755 881 799 significavi.
927 753 1071 787 Etenim
1103 762 1208 795 quum
1234 751 1467 794 philosophus
1491 749 1528 785 id

151 827 372 869 propositum
405 827 563 871 haberet,
596 831 636 860 ut
666 831 739 860 tum
770 825 899 868 optimi
925 823 1076 857 hominis
1099 825 1174 856 tum
1197 822 1379 872 perfectae
1401 820 1530 858 civita-

155 896 203 928 tis
226 896 414 938 imaginem
436 896 479 929 ob
502 898 621 930 oculos
644 899 814 939 poneret,
840 905 912 931 non
935 893 1053 935 potuit
1077 902 1153 929 non
1175 901 1199 925 a
1218 881 1357 943 iustitia
1377 890 1529 925 investi-
1574 914 1578 918 ·

157 965 272 1007 ganda
300 965 498 1006 disputandi
523 967 661 1000 initium
684 969 822 1008 facere,
844 974 909 998 nec
933 963 1061 997 mirum
1083 962 1244 1006 videtur,
1272 961 1368 1011 quod
1387 961 1431 1001 iu
1449 960 1530 994 lau-

157 1034 279 1067 dandis
304 1036 379 1068 eius
407 1037 594 1070 commodis
618 1039 654 1070 et
675 1036 842 1079 praemiis
867 1035 1061 1070 orationem
1088 1031 1214 1066 finivit.
1259 1032 1330 1066 Est
1351 1030 1448 1065 enim
1467 1030 1530 1064 lu·

158 1104 256 1136 stitia
285 1106 471 1138 secundum
508 1107 620 1148 ipsius
662 1105 872 1149 sententiam
916 1103 1072 1139 omnium
1109 1101 1328 1143 reliquarum
1360 1100 1531 1136 virtutum

157 1176 407 1207 consummatio
432 1185 472 1208 ac
497 1177 678 1218 perfectio.
720 1176 893 1214 Quocirca
912 1177 952 1207 ut
975 1173 1052 1206 elus
1075 1172 1170 1208 ratio
1193 1174 1230 1221 et
1253 1173 1384 1208 natura
1405 1169 1531 1215 exqui-

155 1247 312 1287 reretur,
346 1246 419 1278 tum
446 1245 488 1277 ad
510 1246 632 1287 optimi
656 1246 805 1279 hominis
828 1247 902 1278 tum
926 1242 1175 1289 ad'perfectae
1196 1240 1354 1280 civitatis
1378 1224 1532 1284 speciem

157 1313 412 1346 informandam
436 1316 567 1355 pariter
590 1316 659 1350 fuit
680 1314 930 1357 necessarium.
979 1311 1082 1350 Quod
1105 1310 1176 1345 etsi
1199 1310 1315 1354 primo
1337 1318 1381 1344 nc
1403 1317 1532 1362 secuu-
1564 1307 1567 1309 ’
1586 1329 1592 1334 -

158 1381 201 1415 do
223 1383 311 1416 libro
335 1394 406 1416 non
427 1385 479 1417 ita
503 1387 702 1428 peragitur,
725 1389 764 1419 ut
785 1384 977 1428 legentium
996 1379 1258 1426 exspectationi
1276 1380 1442 1422 satisfiat,
1462 1379 1483 1420 ,(
1493 1379 1531 1411 flt

157 1453 250 1485 enim
273 1454 320 1485 ibi
353 1455 506 1497 demum,
540 1457 598 1487 ubi
632 1457 675 1489 de
699 1457 854 1499 perfecta
885 1454 1068 1495 republica
1091 1450 1204 1492 deque
1227 1449 1354 1492 optimi
1378 1448 1532 1482 hominis

156 1523 311 1555 moribus
339 1523 566 1567 disseritur),
592 1527 708 1557 tamen
737 1528 776 1557 ut
799 1525 918 1558 statim
943 1525 986 1556 ab
1010 1522 1116 1556 initio
1141 1522 1348 1563 appareret,
1378 1519 1417 1553 in
1442 1527 1532 1560 quo·
1553 1515 1555 1523 '

157 1601 239 1624 nam
262 1593 404 1625 cardine
432 1604 565 1626 summa
594 1595 703 1627 totius
727 1594 942 1637 quaestionis
970 1593 1192 1633 verteretur,
1225 1588 1426 1624 rectissime
1453 1587 1534 1631 phi-

156 1662 324 1703 losophus
354 1672 375 1694 a
405 1664 644 1704 perquirendis
673 1664 780 1697 variis
810 1665 886 1699 eius
917 1660 1182 1703 definitionibus
1214 1659 1325 1695 totius
1356 1638 1542 1693 nei-monis

158 1730 298 1764 initium
322 1732 431 1764 duxit.
480 1735 595 1774 Atque
626 1735 693 1766 hoc
720 1734 789 1765 alia
816 1743 952 1775 quoque
980 1732 1023 1765 de
1057 1738 1168 1764 causa
1190 1728 1466 1774 prudentissime
1489 1727 1533 1760 ab
1581 1719 1585 1756 Ϊ

160 1810 202 1833 eo
225 1800 426 1834 institutum
450 1812 528 1835 esse
550 1813 624 1836 rem
650 1781 847 1837 accuratius
871 1800 1183 1836 considerantibus
1210 1808 1284 1833 non
1309 1797 1381 1831 erit
1403 1797 1533 1849 obscu-

159 1879 248 1903 rum.
296 1871 408 1908 Quum
434 1872 527 1905 enim
550 1876 813 1905 consummatae
835 1875 870 1905 et
891 1874 1070 1915 perfectae
1097 1855 1242 1903 virtutis
1264 1865 1460 1909 imaginem
1481 1865 1535 1900 ita

159 1949 355 1981 proponere
378 1941 638 1984 constituisset,
663 1946 702 1976 ut
724 1951 797 1975 non
821 1941 934 1974 solum
958 1950 1077 1974 veram
1099 1938 1246 1974 virtutis
1269 1937 1449 1972 rationem
1471 1936 1536 1968 dc-

159 2009 328 2052 clai-aret,
361 2011 422 2044 sed
445 2019 520 2042 eam
543 2011 650 2044 etiam
674 2021 695 2044 a
723 2011 958 2052 sophistarum
981 2013 1230 2050 oratorumque
1254 2005 1535 2042 cavillationibu-

158 2077 344 2119 iiberaret3
383 2080 540 2121 proiecto
570 2090 712 2113 necesse
743 2081 832 2124 ruit,
863 2083 903 2113 ut
930 2080 1055 2114 horum
1083 2060 1238 2122 placita,
1277 2077 1404 2118 quibas
1435 2081 1536 2109 suam

161 2147 274 2187 ipsius
306 2146 502 2180 doctrinam
534 2158 712 2190 opponere
747 2150 872 2192 vellet,
908 2149 965 2182 vel
1002 2149 1267 2192 explicarentur
1301 2145 1446 2183 uberius
1477 2144 1538 2179 vel

159 2217 320 2249 subtilius
353 2220 634 2250 confutarentur.
680 2219 812 2260 Quippe
844 2229 916 2252 non
947 2222 1088 2260 poterat
1111 2217 1259 2262 ,iustitia
1290 2207 1536 2258 perfectecu-

159 2285 358 2327 mulateque
386 2287 543 2330 defendi,
576 2297 640 2319 nec
663 2288 840 2330 patefieri,
869 2292 1003 2328 quanto
1024 2287 1103 2330 pius
1126 2288 1165 2320 in
1189 2295 1233 2319 ea
1252 2295 1326 2319 non
1349 2282 1538 2326 dignitati·

159 2354 278 2396 modo,
302 2355 362 2387 sed
384 2356 487 2388 etiam
510 2355 699 2398 utilitatis,
730 2366 833 2397 quam
855 2357 893 2389 in
919 2356 1100 2395 iniustitia
1123 2356 1278 2398 inesset,
1309 2353 1383 2389 nisi
1406 2352 1538 2395 omnia,

160 2431 251 2462 quae
274 2422 315 2454 de
338 2424 479 2456 iustitia
502 2425 675 2465 disputari
701 2429 737 2458 et
764 2437 826 2468 pro
856 2426 1037 2459 iniustitia
1067 2425 1136 2459 dici
1161 2412 1445 2471 consueverant,
1473 2431 1535 2455 ac-
1590 2426 1592 2428 ’

161 2494 285 2522 curate
314 2497 584 2532 exponerentur.
630 2496 746 2535 Itaque
770 2496 860 2528 libro
892 2497 1026 2538 primo,
1053 2495 1267 2528 examinatis
1298 2492 1538 2535 compluribus

162 2560 322 2591 iustitiae
351 2562 629 2605 definitionibus,
663 2563 954 2603 Thrasymachum
978 2565 1168 2604 sophistam
1194 2563 1330 2597 inducit
1353 2572 1419 2604 pro
1441 2561 1540 2594 iniu-

162 2629 262 2660 stitia
291 2629 466 2668 copiosam
498 2632 695 2668 0rationem
725 2633 1015 2665 declamitant-em.
1065 2634 1171 2666 Cuius
1202 2635 1411 2675 arguments
1437 2632 1540 2673 post·

162 2708 261 2737 quam
287 2701 448 2730 Socrates
474 2699 636 2739 deinceps
663 2702 758 2733 nullo
784 2712 890 2743 prope
915 2704 1057 2743 negotio
1082 2703 1271 2743 refutavit3
1295 2703 1386 2745 libro
1411 2709 1540 2735 secun·
1588 2721 1592 2724 -

162 2767 205 2797 do
231 2768 339 2798 multo
363 2768 504 2807 graviu-
530 2773 702 2800 certamen
737 2771 849 2802 oritur
874 2781 949 2802 eum
980 2772 1160 2803 Giancone
1190 2775 1224 2803 et
1249 2773 1445 2804 mimante.
1494 2769 1539 2802 ni
1579 2779 1581 2783 ⁴
