1612 3028
201 158 292 205 1021
740 148 1074 196 PLATONIS

202 277 365 322 publicae
387 270 566 308 institutis
590 269 738 314 ingenia
761 279 802 304 ac
824 279 944 303 mores
970 269 1103 304 civium
1120 269 1366 323 depraventur
1386 252 1495 316 atque
1516 284 1603 310 ava-

203 349 293 383 ritia
316 336 353 380 et
383 346 478 379 mala
509 342 702 376 ambitione
733 343 1023 382 corrumpantur.
1073 343 1200 387 Itaque
1231 342 1497 378 aristocratiam
1527 347 1605 388 prl-

204 430 300 454 mum
327 416 460 451 mutari
485 417 603 452 censet
632 414 669 447 in
705 412 1039 456 timocratiam,
1077 412 1196 454 qualis
1230 413 1278 447 sit
1308 413 1350 447 in
1381 415 1606 452 cretensium

204 494 240 525 et
269 485 634 524 Lacedaemoniorum
664 482 861 525 republica.
912 481 1028 515 Huius
1061 483 1192 517 deinde
1223 494 1386 529 causam,
1425 487 1605 529 originem

204 564 240 595 et
270 563 435 594 naturam
467 556 649 598 copiosius
683 554 848 586 describit
891 564 924 594 p.
953 556 1032 586 545.
1066 556 1104 587 Β.
1138 572 1186 579 —-
1214 558 1299 589 1548.
1332 558 1377 590 D.
1425 558 1504 596 Qua
1540 559 1603 592 de-

203 632 400 674 scriptione
425 626 584 661 exhibita
609 624 642 658 ei
668 625 818 657 similem
843 635 923 657 esse
949 626 1052 658 docet
1076 625 1255 659 hominem
1280 628 1599 674 ambitiosum,

204 704 307 738 cuius
342 698 526 742 educatio,
560 688 745 739 ingenium
782 699 818 728 et
853 706 971 728 mores
1005 706 1040 737 p.
1071 699 1151 729 548.
1187 698 1234 730 D.
1260 716 1306 722 —
1332 701 1413 732 550.
1449 701 1488 732 Β.
1524 701 1601 733 ele-

196 772 410 819 'gantissime
443 769 692 811 depinguntur.
752 767 816 799 His
856 767 1048 807 explicatis
1082 767 1401 802 timocratiam
1440 773 1600 805 ostendit

200 841 373 890 gliscente
411 839 566 874 avaritia
599 841 707 883 atque
739 837 947 870 divitiarum
978 838 1176 878 cupiditate
1217 840 1348 872 sensim
1379 816 1598 883 degenerare

200 918 241 951 in
273 907 591 957 oligarchiam.
650 907 830 944 Quocirca
871 907 978 940 huius
1023 909 1192 950 delnceps
1231 911 1392 944 rationes
1432 917 1599 947 accurate

199 987 455 1029 exponuntur,
493 982 710 1019 doceturque
741 978 780 1010 in
809 978 872 1011 tali
906 978 1053 1012 civitate
1076 990 1228 1014 munera
1258 967 1400 1023 publica
1421 987 1457 1016 et
1481 984 1597 1027 magi-

197 1061 333 1094 stratus
366 1065 431 1097 pro
464 1060 592 1085 census
627 1058 801 1091 opumque
833 1048 1078 1090 magnitudine
1119 1047 1307 1096 distribui,
1350 1054 1510 1087 exclusis
1549 1055 1596 1089 ii-

197 1129 379 1168 omnibus,
415 1124 475 1166 qui
507 1123 546 1155 iu
578 1131 619 1154 re
650 1119 816 1153 tenuiore
849 1119 1035 1152 constituti
1060 1120 1152 1153 siut:
1185 1131 1221 1162 p.
1250 1124 1330 1155 550.
1365 1125 1405 1157 G.
1437 1141 1482 1150 —·
1513 1128 1594 1160 553.

195 1203 239 1235 Α,
295 1201 342 1232 Et
382 1197 467 1229 huic
506 1193 645 1236 quidem
682 1189 837 1223 civitatis
875 1191 1013 1223 formae
1048 1191 1178 1224 deinde
1217 1195 1400 1234 comparat
1435 1194 1592 1231 homini·

194 1270 325 1304 avari
357 1266 563 1308 ingenium,
612 1262 705 1304 quod
738 1261 867 1303 quibus
907 1261 1240 1302 opportunitatibus
1271 1264 1447 1298 formetur
1482 1268 1518 1299 et
1553 1266 1592 1301 in

192 1342 322 1384 quibus
352 1339 458 1371 rebus
492 1334 646 1367 maxime
679 1334 863 1375 cernatur,
897 1332 1080 1373 eleganter
1111 1331 1338 1374 persequitur
1375 1341 1411 1376 p.
1437 1333 1519 1369 553.
1545 1335 1590 1371 Α.

190 1430 239 1438 --
269 1414 347 1444 555.
381 1411 423 1442 A.
481 1407 540 1440 Ex
571 1402 785 1446 oligarchia,
827 1402 865 1434 in
895 1383 964 1443 uua
996 1411 1069 1434 non
1102 1401 1254 1447 virtuti,
1289 1405 1351 1437 sed
1385 1405 1510 1448 opibus
1546 1407 1591 1441 ad

188 1481 345 1517 honores
369 1480 428 1513 via
452 1477 498 1511 sit
522 1476 716 1519 patefacta,
750 1473 841 1506 oriri
866 1474 1022 1506 ostendit
1046 1473 1392 1509 democratiam.
1439 1473 1588 1512 Etenim

187 1550 353 1598 plurimis
379 1549 514 1583 civibus
537 1556 600 1588 per
624 1553 818 1586 paucorum
841 1544 1026 1577 avaritiam
1062 1544 1105 1575 ad
1134 1544 1291 1586 inopiam
1323 1547 1481 1581 redactis
1509 1549 1588 1583 fleri

186 1636 261 1659 non
293 1632 416 1666 posse,
456 1619 541 1660 quin
582 1616 797 1649 exoriantur
831 1615 893 1657 qui
933 1615 1062 1658 furtis,
1103 1616 1327 1660 latrociniis,
1367 1593 1584 1665 sacrilegiis,

186 1696 268 1730 aliis
295 1685 490 1727 sceleribus
514 1696 660 1730 operam
684 1688 833 1719 navent:
868 1686 932 1717 hos
965 1684 1107 1718 tandem
1140 1686 1308 1720 fortunae
1333 1684 1421 1722 suae
1444 1692 1586 1731 pertae-

183 1777 243 1801 sos
269 1763 498 1798 multitudine
523 1759 567 1792 ad
597 1757 813 1790 seditionem
845 1754 1038 1788 sollicitata
1069 1755 1229 1789 dominos
1267 1758 1410 1801 imperii
1437 1742 1496 1793 vel
1519 1771 1585 1794 ue·-

183 1846 265 1871 care
289 1836 345 1869 vel
371 1834 409 1866 in
434 1825 606 1865 exsilium
630 1828 777 1870 eiicere,
813 1830 921 1866 atque
945 1822 1197 1868 rempublicam
1222 1827 1317 1862 inter
1351 1837 1392 1863 se
1419 1827 1472 1864 ita
1496 1840 1584 1874 ραι-γ

181 1907 263 1951 tiri,
299 1908 342 1938 ut
366 1902 500 1936 nemini
532 1909 605 1932 non
629 1899 673 1931 ad
705 1897 978 1939 magistratuum
1003 1896 1214 1939 dignitatem
1245 1900 1434 1941 pervenire
1459 1898 1579 1936 liceat.

180 1975 394 2011 Huiusmodi
420 1971 557 2006 civitati
582 1969 672 2002 illud
705 1965 861 2000 maxime
885 1968 1069 2008 proprium
1098 1979 1176 2001 esse
1202 1969 1270 2013 ait,
1302 1974 1344 2004 ut
1369 1946 1507 2013 summa
1530 1970 1591 2004 11-·

178 2049 296 2082 bertas
321 2047 362 2086 ab
385 2043 550 2078 omnibus
583 2039 807 2080 expetatur„
832 2047 988 2079 quaeque
1018 2048 1039 2071 a
1076 2036 1292 2084 petulantia,
1326 2026 1579 2088 protervitate,
1609 2054 1612 2055 ⁷

177 2119 354 2153 scelerum
385 2114 538 2155 denique
569 2109 807 2151 impunitate,
848 2108 994 2141 minime
1033 2106 1232 2143 abhorreat.
1283 2112 1421 2149 Quibus
1458 2114 1579 2154 expli-

177 2189 265 2223 catis
297 2199 332 2235 p
358 2189 437 2219 555.
463 2186 501 2217 Β.
528 2200 575 2206 -
602 2184 681 2213 558.
712 2183 750 2214 C.
765 2202 775 2222 ,
809 2179 1046 2212 democratiae
1077 2184 1226 2222 prorsus
1258 2177 1480 2222 respondere
1513 2184 1576 2215 de·-

174 2259 354 2293 monstrat
377 2246 531 2289 hominis
555 2248 917 2294 intemperantis
943 2250 1146 2293 ingenium,
1180 2252 1242 2292 qui
1273 2244 1435 2294 deposito
1460 2248 1575 2286 lione·
1589 2255 1612 2291 ’ἢ

173 2331 278 2365 statis
306 2337 427 2362 amore
461 2324 725 2367 quibuscunque
751 2319 958 2352 libidinibus
992 2321 1147 2354 molliter
1178 2321 1386 2366 indulgeat,
1424 2334 1460 2365 p.
1490 2326 1573 2357 558.
1574 2300 1612 2342 3

172 2404 211 2434 C.
245 2417 292 2426 —-
329 2400 407 2431 561.
445 2391 489 2428 E.
546 2392 709 2432 Denique
736 2384 899 2422 absoluta
933 2391 1169 2430 democlatiae
1205 2395 1312 2432 atque
1345 2390 1499 2426 hominis
1534 2393 1570 2427 ei

1574 2440 1581 2457 l

1587 2359 1612 2430 ὲ

171 2471 299 2505 similis
328 2465 583 2508 descriptione,
617 2468 767 2502 prorsus
794 2455 939 2503 egregia
971 2461 1053 2505 illa,
1087 2462 1317 2502 progreditur
1339 2463 1383 2494 ad
1409 2465 1568 2505 tyran-
1585 2451 1612 2526 ἐξ

1592 2515 1612 2596 ,ἓ

168 2541 317 2575 uidem
346 2535 659 2574 considerandam,
692 2540 794 2572 quam
820 2541 841 2563 a
866 2533 1042 2572 perfectae
1076 2531 1232 2563 civitatis
1266 2532 1401 2565 virtute
1425 2534 1601 2613 bugu}
1597 2550 1612 2562 υ,

167 2612 256 2644 sime
290 2611 414 2642 abesse
451 2604 657 2648 arbitratur.
710 2601 819 2633 Cuius
855 2602 1031 2643 originem
1064 2594 1261 2642 ‘prudenter
1291 2603 1426 2644 repetit
1454 2613 1475 2635 a
1504 2603 1565 2636 ni-
1595 2596 1612 2638 [fl

164 2678 237 2715 mia
261 2681 442 2712 libertate.
493 2672 792 2712 Quemadmodum
823 2668 918 2703 enim
952 2681 1055 2703 omne
1085 2667 1236 2703 nimium
1267 2671 1305 2704 in
1341 2673 1612 2719 contrarium!

1565 2724 1608 2740 „w

162 2752 306 2796 vertat,
338 2750 390 2782 ita
418 2743 527 2780 etiam
561 2737 707 2775 nimiam
735 2742 939 2774 libertatem
973 2743 1026 2775 ait
1059 2752 1232 2789 summam
1267 2742 1415 2784 gignere
1441 2742 1609 2809 soleress‘¹

161 2822 384 2859 servitutem.
430 2815 590 2861 Populus
615 2807 723 2858 euim,
748 2805 876 2857 iuquit,
900 2814 941 2846 ut
964 2814 1132 2847 coerceat
1158 2822 1233 2858 eos,
1257 2813 1319 2855 qui
1330 2812 1446 2846 nimia
1472 2811 1573 2888 t'reti!⁴
