1612 3028
209 141 240 183 4
656 202 675 205 μ
723 131 1101 203 -rLAToMs

208 256 307 299 poris
331 257 369 289 et
391 253 572 288 essentiae
599 253 670 287 vim
694 255 730 287 et
754 254 921 286 naturam
947 250 1066 284 animo
1092 249 1256 284 contueri
1278 250 1440 295 utudeat,
1474 253 1595 294 sequi-

208 330 289 368 tur,
327 329 368 358 ut
405 325 520 358 eidem
559 324 668 357 etiam
708 323 784 356 vita
825 323 978 354 humana
1021 321 1122 363 parvi
1163 321 1384 354 aestimanda
1418 321 1596 357 videatur.

206 398 326 435 Quare
350 370 459 428 etiam
481 398 634 429 mortem
657 395 861 427 contemnet
877 392 1044 432 omnique
1067 391 1259 425 timiditate
1281 394 1343 425 aut
1367 392 1476 425 animi
1490 393 1595 435 igna-

204 467 263 500 via
286 467 446 500 vacabit:
476 465 566 508 imo,
602 464 633 497 ni
655 463 734 504 quis
762 463 875 505 aliua,
911 461 1298 503 magnanimitate
1323 472 1364 496 ac
1387 463 1592 497 fortitu·

203 537 307 569 dine
339 536 503 568 excellet.
548 536 702 577 Ignavae
734 534 832 566 enim
864 535 926 565 aut
960 541 1082 573 parum
1115 542 1311 573 generosae
1336 535 1487 566 naturae
1510 543 1592 567 cum

201 606 430 648 philosophia
460 605 551 637 nihil
590 603 791 637 commercii
823 613 903 636 esse
934 605 1066 644 potest.
1115 601 1186 639 Qui
1213 611 1299 636 vero
1324 605 1527 645 temperans
1555 608 1592 638 et

201 677 428 718 moderatus,
461 683 657 717 generosus
689 675 726 706 et
759 673 867 705 tortis
898 675 974 715 est,
1017 673 1048 704 is
1081 682 1259 713 nunquam
1295 674 1511 718 committet,
1549 679 1592 708 at

199 757 278 779 cum
312 747 394 779 aliis
427 748 510 788 agat
540 745 687 777 iniuste.
734 745 855 783 ltaque
885 751 990 774 verus
1023 742 1258 784 philosophus
1291 744 1399 777 etiam
1431 743 1587 778 iustu·

198 820 245 850 et
270 826 440 857 aequus
469 816 538 858 sit,
564 823 710 846 necesse
733 816 799 845 est.
846 812 941 844 idem
966 814 1036 846 erit
1060 817 1246 854 praeterea
1274 815 1385 862 etiam
1415 815 1587 849 docilis

197 890 233 920 et
267 887 361 919 bona
389 885 586 919 instructus
619 883 810 925 memoria,
854 882 940 924 quia
975 884 1135 924 alioquin
1167 871 1327 918 animum
1362 893 1436 918 non
1466 888 1590 926 posset

196 958 383 990 doctrinae
425 959 461 989 et
502 954 675 999 scientiae
714 953 840 993 opibus
871 953 1102 994 locupletare.
1158 955 1305 987 Accedit
1347 955 1420 988 alia
1459 955 1586 989 virtus.

194 1029 287 1062 Nam
311 1027 446 1059 veritas
471 1025 638 1066 quoniam
672 1023 862 1056 maximam
895 1020 1000 1055 habet
1033 1033 1110 1056 cum
1142 1024 1349 1065 symmetria
1379 1028 1414 1058 et
1443 1026 1586 1060 harmo-

193 1099 256 1131 nia
287 1096 556 1130 similitudinem
586 1098 691 1135 atque
727 1093 1041 1135 coniunctionem,
1074 1093 1148 1125 fieri
1186 1103 1261 1126 non
1295 1098 1433 1138 potest,
1470 1099 1510 1129 ut
1539 1097 1584 1141 is,

193 1169 255 1210 qui
277 1168 312 1200 ei
333 1178 399 1209 per
423 1170 535 1200 totam
552 1166 661 1198 vitam
683 1165 841 1207 studeat,
867 1164 916 1196 sit
939 1173 1044 1205 asper
1064 1166 1125 1195 aut
1142 1163 1371 1208 invenusta-‚7
1390 1167 1454 1199 sed
1478 1175 1586 1199 sua-

191 1239 261 1272 vis
286 1238 405 1279 potius
432 1240 467 1270 et
489 1236 716 1270 iucundus
743 1235 812 1278 sit,
838 1244 987 1276 prorsus
1016 1243 1163 1266 necesse
1191 1237 1262 1267 est:
1299 1236 1461 1276 alioquin
1485 1236 1583 1272 enim

190 1309 307 1351 ipsius
340 1308 478 1340 animus
509 1308 601 1339 haud
634 1306 742 1338 facile
774 1314 853 1338 sese
885 1306 930 1337 ad
961 1304 1238 1345 uniuscuiusque
1260 1305 1315 1338 rei
1340 1290 1496 1347 speciem
1519 1318 1584 1342 co.

191 1379 429 1422 gnoscendam
462 1377 672 1419 applicaret.
719 1377 816 1409 Haec
849 1376 969 1408 omnia
1002 1375 1115 1417 igitur
1144 1384 1252 1415 quum
1273 1377 1494 1410 ,necessario
1520 1387 1582 1412 rc..

189 1450 400 1492 quitantur,
425 1449 457 1481 si
482 1450 559 1489 quis
584 1450 690 1490 plane
715 1457 756 1479 ac
781 1447 939 1487 perfecte
964 1446 1008 1478 ad
1031 1445 1107 1478 veri
1133 1445 1373 1487 cognitionem
1392 1449 1582 1489 pervenire

187 1521 291 1563 velit,
325 1530 430 1552 nemo
464 1522 518 1552 est
549 1520 634 1560 quin
667 1518 785 1550 videat
812 1517 997 1550 vitiatam
1021 1516 1172 1548 eruditis
1201 1525 1242 1549 ac
1265 1519 1436 1558 perfectis
1456 1520 1580 1563 reipu-

185 1590 299 1623 blicae
323 1601 444 1623 curam
469 1590 758 1622 committendam
778 1597 870 1619 esse.
917 1588 956 1619 1³⁶
981 1589 1062 1619 484.
1085 1603 1135 1610 -—
1157 1589 1239 1620 487.
1261 1589 1305 1622 A.

280 1661 347 1693 His
386 1661 572 1701 explicatis
604 1659 836 1693 Adimantus}
881 1656 1083 1690 Artificiosa
1114 1658 1256 1696 quidem
1290 1661 1327 1691 et
1357 1661 1504 1703 argute,
1535 1663 1576 1694 ut

185 1732 302 1773 soles,
340 1741 362 1763 o
387 1732 556 1773 Socrate,
589 1730 675 1762 haec
701 1729 821 1761 onmia
845 1731 1080 1769 persequutu-
1104 1737 1166 1770 es,
1195 1738 1263 1761 nec
1290 1731 1410 1762 tamen
1433 1730 1484 1764 ita
1494 1754 1505 1774 ,
1536 1734 1578 1765 ut

183 1802 300 1835 omnis
333 1801 454 1833 animo
488 1802 628 1832 exemta
659 1799 707 1832 sit
742 1799 928 1832 dubitatio.
976 1798 1116 1831 Poterit
1147 1799 1242 1832 enim
1277 1800 1449 1842 quispiam
1484 1803 1576 1835 obii-

182 1874 264 1905 cere
297 1871 547 1912 philosophos,
582 1870 643 1911 qui
670 1872 786 1902 totam
815 1872 968 1902 aetatem
1000 1870 1039 1902 in
1072 1870 1272 1910 sapientiae
1301 1871 1418 1904 studio
1449 1875 1575 1906 conte·

179 1945 280 1986 rant,
315 1943 522 1983 plerumque
548 1941 708 1972 homines
734 1942 851 1972 fatuos
887 1944 923 1972 et
950 1951 1018 1973 usu
1041 1950 1161 1973 rerum
1190 1944 1353 1974 carentes
1378 1943 1574 1986 exsistere;

180 2014 266 2052 quin
290 2013 397 2045 etiam
423 2022 508 2055 eos,
541 2012 599 2052 qui
629 2012 750 2053 optimi
778 2021 824 2043 ex
851 2011 924 2043 illis
948 2012 1166 2055 habeantur,
1199 2013 1243 2043 ad
1265 2013 1572 2056 reipublicaevgu-

178 2084 424 2116 bernationem
448 2084 552 2124 plane
579 2093 657 2114 esse
683 2083 842 2114 inutiles.
893 2083 994 2119 Quod
1029 2083 1060 2114 si
1086 2085 1183 2114 recte
1210 2081 1363 2125 dicitur,
1395 2084 1455 2124 qui
1487 2087 1571 2117 tan-

178 2155 255 2186 dem
289 2155 506 2188 contendere
537 2153 659 2187 licebit
694 2153 858 2185 civitates
890 2153 942 2185 ita
975 2153 1116 2185 demum
1141 2153 1262 2185 beatas
1299 2154 1399 2197 fore,
1440 2152 1472 2187 si
1506 2165 1569 2188 re-

177 2229 305 2266 gantur
337 2235 358 2256 a
390 2219 636 2265 philosophis?
684 2224 738 2256 Ad
768 2220 853 2255 haec
885 2226 1074 2256 Socrates:
1114 2223 1312 2256 verissime
1343 2224 1484 2264 quidem
1513 2227 1569 2260 illi

174 2299 337 2327 monent:
372 2303 570 2336 quanquam
602 2305 672 2326 non
698 2297 821 2327 tenent
849 2295 953 2326 huius
978 2294 1146 2335 vituperii
1177 2304 1303 2327 causas
1328 2297 1367 2328 et
1393 2296 1567 2330 rationes.

174 2367 474 2402 Quemadmodum
503 2366 598 2397 enim
631 2368 762 2398 nautae
794 2367 902 2398 rudes
937 2368 974 2397 et
1005 2364 1161 2405 imperiti
1186 2374 1267 2396 eum
1293 2366 1567 2407 gubernatorem

171 2436 376 2478 laudarent,
403 2436 483 2479 qul,
523 2445 627 2476 quum
653 2439 747 2469 esset
773 2437 869 2469 iners
895 2446 935 2468 ac
962 2435 1134 2476 stolidus,
1166 2435 1324 2476 ipsorum
1353 2437 1564 2478 cupiditati-

168 2506 234 2538 bus
260 2516 322 2547 per
347 2507 466 2539 omnia
490 2506 712 2548 indulgeret3
745 2508 941 2548 sapientem
964 2509 1104 2549 autem,
1129 2505 1188 2547 qul
1211 2508 1409 2540 communis
1434 2509 1563 2542 salutis

169 2586 279 2608 causa
304 2577 495 2608 severitate
519 2577 558 2608 in
590 2585 652 2609 eos
679 2580 859 2618 uteretur,
885 2581 1162 2618 aspernarentur
1194 2579 1232 2609 et
1263 2577 1474 2612 reiicerent:
1507 2580 1561 2613 i'ta

131 2690 134 2692 η
165 2647 277 2679 etiam.
295 2648 421 2688 vulgus
448 2646 595 2690 civium,
629 2658 734 2687 quum
759 2649 878 2680 omnia
902 2649 1060 2681 utilitate
1085 2651 1148 2680 aut
1170 2649 1354 2688 voluptate
1379 2650 1559 2695 metiatur,

163 2727 224 2750 eos
251 2727 420 2750 accusare
443 2717 553 2760 solet,
587 2718 645 2758 qui
671 2719 795 2759 populi
827 2720 1080 2760 cupiditatibus
1106 2728 1176 2751 non
1202 2719 1427 2760 indulgentes
1451 2719 1573 2752 unice'
1604 2713 1610 2716 ”

159 2790 276 2819 veram
303 2786 519 2829 reipubl-icae
542 2787 734 2822 utilitatem
756 2793 863 2830 atque
889 2790 1039 2822 salutem
1064 2792 1227 2831 spectare
1250 2789 1382 2822 uolent.
1430 2790 1554 2830 unque
